<?xml version="1.0" encoding="UTF-8"?><collection xmlns="http://www.loc.gov/MARC21/slim"><record><leader>00565nam--2200181-i-4500</leader><controlfield tag="001">000006033</controlfield><controlfield tag="002">20161230</controlfield><controlfield tag="005">20161230201026</controlfield><controlfield tag="008">060222s1000------------r-----000-0-eng-d</controlfield><datafield ind1=" " ind2=" " tag="040"><subfield code="a">IFIN-HH</subfield></datafield><datafield ind1=" " ind2=" " tag="080"><subfield code="a">539</subfield></datafield><datafield ind1="1" ind2=" " tag="100"><subfield code="a">Copeland, P.L</subfield></datafield><datafield ind1="1" ind2="0" tag="245"><subfield code="a">Elements of modern physics</subfield><subfield code="b">A course in those aspects of modern physics that underlie important engineering developments</subfield><subfield code="c">P.l. copeland, w.e. bennett</subfield></datafield><datafield ind1=" " ind2=" " tag="260"><subfield code="a">New York</subfield><subfield code="b">Oxford University Press</subfield><subfield code="c">1961</subfield></datafield><datafield ind1=" " ind2=" " tag="300"><subfield code="a">X + 507 P</subfield></datafield><datafield ind1="1" ind2=" " tag="700"><subfield code="a">Bennett, W.E</subfield></datafield><datafield ind1=" " ind2=" " tag="852"><subfield code="a">17768</subfield><subfield code="c">539</subfield></datafield><datafield ind1=" " ind2=" " tag="CAT"><subfield code="a">Sys</subfield><subfield code="c">20110927</subfield><subfield code="h">112557</subfield></datafield></record></collection>